<record><leader>00000cas a22000007a 4500</leader><controlfield tag="001">10933397</controlfield><controlfield tag="008">840710d18321844ohuwr ne      0    0eng d</controlfield><controlfield tag="009">3783</controlfield><datafield ind1=" " ind2=" " tag="010"><subfield code="a">sn 84028365 </subfield></datafield><datafield ind1=" " ind2=" " tag="040"><subfield code="a">NPY</subfield><subfield code="b">eng</subfield><subfield code="c">NPY</subfield><subfield code="d">NPX</subfield><subfield code="d">DLC</subfield><subfield code="d">NPV</subfield><subfield code="d">ONP</subfield><subfield code="d">NVK</subfield><subfield code="d">OCL</subfield><subfield code="d">KRTAS</subfield><subfield code="d">DLC</subfield><subfield code="d">OCLCF</subfield></datafield><datafield ind1="1" ind2=" " tag="029"><subfield code="a">AU@</subfield><subfield code="b">000020121218</subfield></datafield><datafield ind1=" " ind2=" " tag="042"><subfield code="a">msc</subfield></datafield><datafield ind1=" " ind2=" " tag="043"><subfield code="a">n-us-oh</subfield></datafield><datafield ind1="0" ind2="0" tag="050"><subfield code="a">Newspaper</subfield></datafield><datafield ind1="0" ind2="4" tag="245"><subfield code="a">The Ohio atlas, and Elyria advertiser.</subfield></datafield><datafield ind1="0" ind2="0" tag="246"><subfield code="a">Ohio atlas</subfield></datafield><datafield ind1="0" ind2="0" tag="246"><subfield code="a">Elyria advertiser</subfield></datafield><datafield ind1=" " ind2=" " tag="260"><subfield code="a">Elyria, Lorain Co., Ohio :</subfield><subfield code="b">A. Burrell</subfield></datafield><datafield ind1=" " ind2=" " tag="300"><subfield code="a">v.</subfield></datafield><datafield ind1=" " ind2=" " tag="310"><subfield code="a">Weekly</subfield></datafield><datafield ind1="1" ind2=" " tag="362"><subfield code="a">Began in 1832. Ceased in 1844?</subfield></datafield><datafield ind1=" " ind2=" " tag="530"><subfield code="a">Available on microfilm from Bell &amp; Howell.</subfield></datafield><datafield ind1=" " ind2=" " tag="588"><subfield code="a">Description based on: Vol. 1, no. 52 (July 4, 1833).</subfield></datafield><datafield ind1=" " ind2=" " tag="588"><subfield code="a">Latest issue consulted: Vol. 2, no. 44 (May 8, 1834).</subfield></datafield><datafield ind1=" " ind2="0" tag="651"><subfield code="a">Elyria (Ohio)</subfield><subfield code="v">Newspapers.</subfield></datafield><datafield ind1=" " ind2="0" tag="651"><subfield code="a">Lorain County (Ohio)</subfield><subfield code="v">Newspapers.</subfield></datafield><datafield ind1=" " ind2="7" tag="655"><subfield code="a">Newspapers.</subfield><subfield code="2">fast</subfield><subfield code="0">(OCoLC)fst01423814</subfield></datafield><datafield ind1=" " ind2="7" tag="651"><subfield code="a">Ohio</subfield><subfield code="z">Elyria.</subfield><subfield code="2">fast</subfield><subfield code="0">(OCoLC)fst01218873</subfield></datafield><datafield ind1=" " ind2="7" tag="651"><subfield code="a">Ohio</subfield><subfield code="z">Lorain County.</subfield><subfield code="2">fast</subfield><subfield code="0">(OCoLC)fst01228228</subfield></datafield><datafield ind1=" " ind2=" " tag="752"><subfield code="a">United States</subfield><subfield code="b">Ohio</subfield><subfield code="c">Lorain</subfield><subfield code="d">Elyria.</subfield></datafield><datafield ind1="0" ind2="0" tag="780"><subfield code="t">Ohio atlas</subfield><subfield code="w">(DLC)sn 84028364</subfield><subfield code="w">(OCoLC)10933344</subfield></datafield><datafield ind1="0" ind2="0" tag="785"><subfield code="t">Buckeye sentinel</subfield><subfield code="w">(DLC)sn 84028366</subfield><subfield code="w">(OCoLC)10932677</subfield></datafield><datafield ind1=" " ind2=" " tag="938"><subfield code="a">Kirtas Technologies, Inc.</subfield><subfield code="b">KRTS</subfield><subfield code="n">738600</subfield></datafield></record>